<record><leader>00000cas a22000007a 4500</leader><controlfield tag="001">18545540</controlfield><controlfield tag="008">880929d18701872aruwr ne      0    0eng d</controlfield><datafield ind1=" " ind2=" " tag="010"><subfield code="a">sn 88051093 </subfield></datafield><datafield ind1=" " ind2=" " tag="040"><subfield code="a">ANU</subfield><subfield code="b">eng</subfield><subfield code="c">ANU</subfield><subfield code="d">OCLCQ</subfield></datafield><datafield ind1=" " ind2=" " tag="042"><subfield code="a">msc</subfield></datafield><datafield ind1="0" ind2=" " tag="130"><subfield code="a">Boone County advocate (Harrison, Ark.)</subfield></datafield><datafield ind1="1" ind2="0" tag="245"><subfield code="a">Boon[e] County advocate.</subfield></datafield><datafield ind1=" " ind2=" " tag="260"><subfield code="a">Harrison, Boone Co., Ark. :</subfield><subfield code="b">Thomas Newman</subfield></datafield><datafield ind1=" " ind2=" " tag="300"><subfield code="a">v.</subfield></datafield><datafield ind1=" " ind2=" " tag="310"><subfield code="a">Weekly</subfield></datafield><datafield ind1="1" ind2=" " tag="362"><subfield code="a">Began in 1870; ceased in 1872?</subfield></datafield><datafield ind1=" " ind2=" " tag="588"><subfield code="a">Description based on: Vol. 1, no. 6 (Sept. 15, 1870).</subfield></datafield><datafield ind1=" " ind2=" " tag="752"><subfield code="a">United States</subfield><subfield code="b">Arkansas</subfield><subfield code="c">Boone</subfield><subfield code="d">Harrison.</subfield></datafield></record>